@inproceedings{fatahalian2004understanding,
  title={Understanding the efficiency of GPU algorithms for matrix-matrix multiplication},
  author={Fatahalian, Kayvon and Sugerman, Jeremy and Hanrahan, Pat},
  booktitle={Proceedings of the ACM SIGGRAPH/EUROGRAPHICS conference on Graphics hardware},
  pages={133--137},
  year={2004}
}
@article{zee1996law,
  title={Law of addition in random matrix theory},
  author={Zee, Anthony},
  journal={Nuclear Physics B},
  volume={474},
  number={3},
  pages={726--744},
  year={1996},
  publisher={Elsevier}
}
@article{sun2021ampnet,
  title={AMPNet: Average-and max-pool networks for salient object detection},
  author={Sun, Luna and Chen, Zhenxue and Wu, QM Jonathan and Zhao, Hongjian and He, Weikai and Yan, Xinghe},
  journal={IEEE Transactions on Circuits and Systems for Video Technology},
  volume={31},
  number={11},
  pages={4321--4333},
  year={2021},
  publisher={IEEE}
}
@article{jocher2021ultralytics,
  title={ultralytics/yolov5: v4. 0-nn. SiLU () activations, Weights \& Biases logging, PyTorch Hub integration},
  author={Jocher, Glenn and Stoken, Alex and Borovec, Jirka and Changyu, Liu and Hogan, Adam and Chaurasia, Ayush and Diaconu, Laurentiu and Ingham, Francisco and Colmagro, Adrien and Ye, Hu and others},
  journal={Zenodo},
  year={2021}
}
@article{yin2003flexible,
  title={A flexible sigmoid function of determinate growth},
  author={Yin, Xinyou and Goudriaan, JAN and Lantinga, Egbert A and Vos, JAN and Spiertz, Huub J},
  journal={Annals of botany},
  volume={91},
  number={3},
  pages={361--371},
  year={2003},
  publisher={Oxford University Press}
}
@article{yue2017linkforecast,
  title={LinkForecast: Cellular link bandwidth prediction in LTE networks},
  author={Yue, Chaoqun and Jin, Ruofan and Suh, Kyoungwon and Qin, Yanyuan and Wang, Bing and Wei, Wei},
  journal={IEEE Transactions on Mobile Computing},
  volume={17},
  number={7},
  pages={1582--1594},
  year={2017},
  publisher={IEEE}
}
@misc{huang2018densely,
      title={Densely Connected Convolutional Networks}, 
      author={Gao Huang and Zhuang Liu and Laurens van der Maaten and Kilian Q. Weinberger},
      year={2018},
      eprint={1608.06993},
      archivePrefix={arXiv},
      primaryClass={cs.CV}
}
@article{qin2008differential,
  title={Differential evolution algorithm with strategy adaptation for global numerical optimization},
  author={Qin, A Kai and Huang, Vicky Ling and Suganthan, Ponnuthurai N},
  journal={IEEE transactions on Evolutionary Computation},
  volume={13},
  number={2},
  pages={398--417},
  year={2008},
  publisher={IEEE}
}
@article{liu2016large,
  title={Large-margin softmax loss for convolutional neural networks},
  author={Liu, Weiyang and Wen, Yandong and Yu, Zhiding and Yang, Meng},
  journal={arXiv preprint arXiv:1612.02295},
  year={2016}
}
@article{daubechies2022nonlinear,
  title={Nonlinear approximation and (deep) ReLU networks},
  author={Daubechies, Ingrid and DeVore, Ronald and Foucart, Simon and Hanin, Boris and Petrova, Guergana},
  journal={Constructive Approximation},
  volume={55},
  number={1},
  pages={127--172},
  year={2022},
  publisher={Springer}
}
@inproceedings{gupta2017modern,
  title={Modern lossless compression techniques: Review, comparison and analysis},
  author={Gupta, Apoorv and Bansal, Aman and Khanduja, Vidhi},
  booktitle={2017 Second International Conference on Electrical, Computer and Communication Technologies (ICECCT)},
  pages={1--8},
  year={2017},
  organization={IEEE}
}
@article{xu2022regnet,
  title={RegNet: self-regulated network for image classification},
  author={Xu, Jing and Pan, Yu and Pan, Xinglin and Hoi, Steven and Yi, Zhang and Xu, Zenglin},
  journal={IEEE Transactions on Neural Networks and Learning Systems},
  year={2022},
  publisher={IEEE}
}
@inproceedings{woo2023convnext,
  title={Convnext v2: Co-designing and scaling convnets with masked autoencoders},
  author={Woo, Sanghyun and Debnath, Shoubhik and Hu, Ronghang and Chen, Xinlei and Liu, Zhuang and Kweon, In So and Xie, Saining},
  booktitle={Proceedings of the IEEE/CVF Conference on Computer Vision and Pattern Recognition},
  pages={16133--16142},
  year={2023}
}
@article{targ2016resnet,
  title={Resnet in resnet: Generalizing residual architectures},
  author={Targ, Sasha and Almeida, Diogo and Lyman, Kevin},
  journal={arXiv preprint arXiv:1603.08029},
  year={2016}
}
@inproceedings{sinha2019thin,
  title={Thin mobilenet: An enhanced mobilenet architecture},
  author={Sinha, Debjyoti and El-Sharkawy, Mohamed},
  booktitle={2019 IEEE 10th annual ubiquitous computing, electronics \& mobile communication conference (UEMCON)},
  pages={0280--0285},
  year={2019},
  organization={IEEE}
}
@inproceedings{mohammed2020distributed,
  title={Distributed inference acceleration with adaptive DNN partitioning and offloading},
  author={Mohammed, Thaha and Joe-Wong, Carlee and Babbar, Rohit and Di Francesco, Mario},
  booktitle={IEEE INFOCOM 2020-IEEE Conference on Computer Communications},
  pages={854--863},
  year={2020},
  organization={IEEE}
}

@article{kim2003leakage,
  title={Leakage current: Moore's law meets static power},
  author={Kim, Nam Sung and Austin, Todd and Baauw, David and Mudge, Trevor and Flautner, Kriszti{\'a}n and Hu, Jie S and Irwin, Mary Jane and Kandemir, Mahmut and Narayanan, Vijaykrishnan},
  journal={computer},
  volume={36},
  number={12},
  pages={68--75},
  year={2003},
  publisher={IEEE}
}
@article{chen2021energy,
  title={Energy-efficient offloading for DNN-based smart IoT systems in cloud-edge environments},
  author={Chen, Xing and Zhang, Jianshan and Lin, Bing and Chen, Zheyi and Wolter, Katinka and Min, Geyong},
  journal={IEEE Transactions on Parallel and Distributed Systems},
  volume={33},
  number={3},
  pages={683--697},
  year={2021},
  publisher={IEEE}
}
@article{lin2019cost,
  title={Cost-driven off-loading for DNN-based applications over cloud, edge, and end devices},
  author={Lin, Bing and Huang, Yinhao and Zhang, Jianshan and Hu, Junqin and Chen, Xing and Li, Jun},
  journal={IEEE Transactions on Industrial Informatics},
  volume={16},
  number={8},
  pages={5456--5466},
  year={2019},
  publisher={IEEE}
}
@article{wu2019efficient,
  title={An efficient application partitioning algorithm in mobile environments},
  author={Wu, Huaming and Knottenbelt, William J and Wolter, Katinka},
  journal={IEEE Transactions on Parallel and Distributed Systems},
  volume={30},
  number={7},
  pages={1464--1480},
  year={2019},
  publisher={IEEE}
}
@article{xue2021ddpqn,
  title={DDPQN: An efficient DNN offloading strategy in local-edge-cloud collaborative environments},
  author={Xue, Min and Wu, Huaming and Peng, Guang and Wolter, Katinka},
  journal={IEEE Transactions on Services Computing},
  volume={15},
  number={2},
  pages={640--655},
  year={2021},
  publisher={IEEE}
}
@article{liang2023dnn,
  title={DNN surgery: Accelerating DNN inference on the edge through layer partitioning},
  author={Liang, Huanghuang and Sang, Qianlong and Hu, Chuang and Cheng, Dazhao and Zhou, Xiaobo and Wang, Dan and Bao, Wei and Wang, Yu},
  journal={IEEE transactions on Cloud Computing},
  year={2023},
  publisher={IEEE}
}
@article{kang2017neurosurgeon,
  title={Neurosurgeon: Collaborative intelligence between the cloud and mobile edge},
  author={Kang, Yiping and Hauswald, Johann and Gao, Cao and Rovinski, Austin and Mudge, Trevor and Mars, Jason and Tang, Lingjia},
  journal={ACM SIGARCH Computer Architecture News},
  volume={45},
  number={1},
  pages={615--629},
  year={2017},
  publisher={ACM New York, NY, USA}
}
@inproceedings{crankshaw2020inferline,
  title={InferLine: latency-aware provisioning and scaling for prediction serving pipelines},
  author={Crankshaw, Daniel and Sela, Gur-Eyal and Mo, Xiangxi and Zumar, Corey and Stoica, Ion and Gonzalez, Joseph and Tumanov, Alexey},
  booktitle={Proceedings of the 11th ACM Symposium on Cloud Computing},
  pages={477--491},
  year={2020}
}
@inproceedings{hu2022pipeedge,
  title={Pipeedge: Pipeline parallelism for large-scale model inference on heterogeneous edge devices},
  author={Hu, Yang and Imes, Connor and Zhao, Xuanang and Kundu, Souvik and Beerel, Peter A and Crago, Stephen P and Walters, John Paul},
  booktitle={2022 25th Euromicro Conference on Digital System Design (DSD)},
  pages={298--307},
  year={2022},
  organization={IEEE}
}
@inproceedings{xiang2019pipelined,
  title={Pipelined data-parallel CPU/GPU scheduling for multi-DNN real-time inference},
  author={Xiang, Yecheng and Kim, Hyoseung},
  booktitle={2019 IEEE Real-Time Systems Symposium (RTSS)},
  pages={392--405},
  year={2019},
  organization={IEEE}
}
@misc{pytorch,
  author = {pytorch},
  title = {pytroch},
  year = {2024},
  howpublished = {\url{https://pytorch.org/}},
}
@misc{conv2d,
  author = {pytorch},
  title = {pytroch},
  year = {2024},
  howpublished = {\url{https://pytorch.org/docs/stable/generated/torch.nn.Conv2d.html}},
}
@article{zhuang2023optimizing,
  title={On optimizing the communication of model parallelism},
  author={Zhuang, Yonghao and Zhao, Hexu and Zheng, Lianmin and Li, Zhuohan and Xing, Eric and Ho, Qirong and Gonzalez, Joseph and Stoica, Ion and Zhang, Hao},
  journal={Proceedings of Machine Learning and Systems},
  volume={5},
  year={2023}
}
@inproceedings{narayanan2021efficient,
  title={Efficient large-scale language model training on gpu clusters using megatron-lm},
  author={Narayanan, Deepak and Shoeybi, Mohammad and Casper, Jared and LeGresley, Patrick and Patwary, Mostofa and Korthikanti, Vijay and Vainbrand, Dmitri and Kashinkunti, Prethvi and Bernauer, Julie and Catanzaro, Bryan and others},
  booktitle={Proceedings of the International Conference for High Performance Computing, Networking, Storage and Analysis},
  pages={1--15},
  year={2021}
}
@inproceedings{fang2017qos,
  title={Qos-aware scheduling of heterogeneous servers for inference in deep neural networks},
  author={Fang, Zhou and Yu, Tong and Mengshoel, Ole J and Gupta, Rajesh K},
  booktitle={Proceedings of the 2017 ACM on Conference on Information and Knowledge Management},
  pages={2067--2070},
  year={2017}
}
@article{elgazzar2014cloud,
  title={Cloud-assisted computation offloading to support mobile services},
  author={Elgazzar, Khalid and Martin, Patrick and Hassanein, Hossam S},
  journal={IEEE Transactions on Cloud Computing},
  volume={4},
  number={3},
  pages={279--292},
  year={2014},
  publisher={IEEE}
}
@article{altamimi2015energy,
  title={Energy cost models of smartphones for task offloading to the cloud},
  author={Altamimi, Majid and Abdrabou, Atef and Naik, Kshirasagar and Nayak, Amiya},
  journal={IEEE Transactions on Emerging Topics in Computing},
  volume={3},
  number={3},
  pages={384--398},
  year={2015},
  publisher={IEEE}
}
@article{wang2021knowledge,
  title={Knowledge distillation and student-teacher learning for visual intelligence: A review and new outlooks},
  author={Wang, Lin and Yoon, Kuk-Jin},
  journal={IEEE transactions on pattern analysis and machine intelligence},
  volume={44},
  number={6},
  pages={3048--3068},
  year={2021},
  publisher={IEEE}
}
@article{lin2020ensemble,
  title={Ensemble distillation for robust model fusion in federated learning},
  author={Lin, Tao and Kong, Lingjing and Stich, Sebastian U and Jaggi, Martin},
  journal={Advances in Neural Information Processing Systems},
  volume={33},
  pages={2351--2363},
  year={2020}
}
@article{gou2021knowledge,
  title={Knowledge distillation: A survey},
  author={Gou, Jianping and Yu, Baosheng and Maybank, Stephen J and Tao, Dacheng},
  journal={International Journal of Computer Vision},
  volume={129},
  number={6},
  pages={1789--1819},
  year={2021},
  publisher={Springer}
}
@article{gong2020vecq,
  title={VecQ: Minimal loss DNN model compression with vectorized weight quantization},
  author={Gong, Cheng and Chen, Yao and Lu, Ye and Li, Tao and Hao, Cong and Chen, Deming},
  journal={IEEE Transactions on Computers},
  volume={70},
  number={5},
  pages={696--710},
  year={2020},
  publisher={IEEE}
}
@inproceedings{gheorghe2021model,
  title={Model-based weight quantization for convolutional neural network compression},
  author={Gheorghe, Ștefan and Ivanovici, Mihai},
  booktitle={2021 16th International Conference on Engineering of Modern Electric Systems (EMES)},
  pages={1--4},
  year={2021},
  organization={IEEE}
}
@article{defossez2021differentiable,
  title={Differentiable model compression via pseudo quantization noise},
  author={D{\'e}fossez, Alexandre and Adi, Yossi and Synnaeve, Gabriel},
  journal={arXiv preprint arXiv:2104.09987},
  year={2021}
}
@misc{pickle,
  author = {python},
  title = {pickle — Python object serialization},
  year = {2024},
  howpublished = {\url{https://docs.python.org/3/library/pickle.html}},
}

@article{druta2022evaluation,
  title={Evaluation of Remote Data Compression Methods},
  author={Druta, Romina and Druta, Cristian-Filip and Silea, Ioan},
  journal={Studies in Informatics and Control},
  volume={31},
  number={1},
  pages={59--70},
  year={2022}
}
@article{lin2017deep,
  title={Deep gradient compression: Reducing the communication bandwidth for distributed training},
  author={Lin, Yujun and Han, Song and Mao, Huizi and Wang, Yu and Dally, William J},
  journal={arXiv preprint arXiv:1712.01887},
  year={2017}
}
@inproceedings{yang2022mobile,
  title={Mobile access bandwidth in practice: Measurement, analysis, and implications},
  author={Yang, Xinlei and Lin, Hao and Li, Zhenhua and Qian, Feng and Li, Xingyao and He, Zhiming and Wu, Xudong and Wang, Xianlong and Liu, Yunhao and Liao, Zhi and others},
  booktitle={Proceedings of the ACM SIGCOMM 2022 Conference},
  pages={114--128},
  year={2022}
}
@inproceedings{hu2019dynamic,
  title={Dynamic adaptive DNN surgery for inference acceleration on the edge},
  author={Hu, Chuang and Bao, Wei and Wang, Dan and Liu, Fengming},
  booktitle={IEEE INFOCOM 2019-IEEE Conference on Computer Communications},
  pages={1423--1431},
  year={2019},
  organization={IEEE}
}
@misc{simonyan2015deep,
      title={Very Deep Convolutional Networks for Large-Scale Image Recognition}, 
      author={Karen Simonyan and Andrew Zisserman},
      year={2015},
      eprint={1409.1556},
      archivePrefix={arXiv},
      primaryClass={cs.CV}
}
@article{chalaby2021standing,
  title={Standing on the shoulders of tech giants: Media delivery, streaming television and the rise of global suppliers},
  author={Chalaby, Jean K and Plunkett, Steve},
  journal={New Media \& Society},
  volume={23},
  number={11},
  pages={3206--3228},
  year={2021},
  publisher={SAGE Publications Sage UK: London, England}
}
@article{noormohammadpour2017datacenter,
  title={Datacenter traffic control: Understanding techniques and tradeoffs},
  author={Noormohammadpour, Mohammad and Raghavendra, Cauligi S},
  journal={IEEE Communications Surveys \& Tutorials},
  volume={20},
  number={2},
  pages={1492--1525},
  year={2017},
  publisher={IEEE}
}
@article{li2019evaluating,
  title={Evaluating modern gpu interconnect: Pcie, nvlink, nv-sli, nvswitch and gpudirect},
  author={Li, Ang and Song, Shuaiwen Leon and Chen, Jieyang and Li, Jiajia and Liu, Xu and Tallent, Nathan R and Barker, Kevin J},
  journal={IEEE Transactions on Parallel and Distributed Systems},
  volume={31},
  number={1},
  pages={94--110},
  year={2019},
  publisher={IEEE}
}
@article{wang2011mvapich2,
  title={MVAPICH2-GPU: optimized GPU to GPU communication for InfiniBand clusters},
  author={Wang, Hao and Potluri, Sreeram and Luo, Miao and Singh, Ashish Kumar and Sur, Sayantan and Panda, Dhabaleswar K},
  journal={Computer Science-Research and Development},
  volume={26},
  number={3},
  pages={257--266},
  year={2011},
  publisher={Springer}
}
@article{wu2023brief,
  title={A brief overview of ChatGPT: The history, status quo and potential future development},
  author={Wu, Tianyu and He, Shizhu and Liu, Jingping and Sun, Siqi and Liu, Kang and Han, Qing-Long and Tang, Yang},
  journal={IEEE/CAA Journal of Automatica Sinica},
  volume={10},
  number={5},
  pages={1122--1136},
  year={2023},
  publisher={IEEE}
}
@misc{noauthor_iperf_nodate,
	title = {{iPerf} - {Download} {iPerf3} and original {iPerf} pre-compiled binaries},
	url = {https://iperf.fr/iperf-download.php},
	urldate = {2022-02-02},
	file = {iPerf - Download iPerf3 and original iPerf pre-compiled binaries:/home/shengliangd/Zotero/storage/362ASCBF/iperf-download.html:text/html},
}
@inproceedings{da2011moving,
  title={Moving to the cloud: Estimating the internet connection bandwidth},
  author={da Silva, Lu{\'\i}s Ferreira and Brito e Abreu, F},
  booktitle={Atas da 11{\textordfeminine} Confer{\^e}ncia da Associa{\c{c}}{\~a}o Portuguesa de Sistemas de Informa{\c{c}}{\~a}o (CAPSI'2011)},
  year={2011},
  organization={Associa{\c{c}}{\~a}o Portuguesa de Sistemas de Informa{\c{c}}{\~a}o}
}
@article{adame2021time,
  title={Time-sensitive networking in IEEE 802.11 be: On the way to low-latency WiFi 7},
  author={Adame, Toni and Carrascosa-Zamacois, Marc and Bellalta, Boris},
  journal={Sensors},
  volume={21},
  number={15},
  pages={4954},
  year={2021},
  publisher={MDPI}
}
@article{ren2018proportional,
  title={Proportional and preemption-enabled traffic offloading for IP flow mobility: Algorithms and performance evaluation},
  author={Ren, Yi and Tung, Chih-Wei and Chen, Jyh-Cheng and Li, Frank Y},
  journal={IEEE Transactions on Vehicular Technology},
  volume={67},
  number={12},
  pages={12095--12108},
  year={2018},
  publisher={IEEE}
}
@article{liu2023first,
  title={A First Look at Wi-Fi 6 in Action: Throughput, Latency, Energy Efficiency, and Security},
  author={Liu, Ruofeng and Choi, Nakjung},
  journal={Proceedings of the ACM on Measurement and Analysis of Computing Systems},
  volume={7},
  number={1},
  pages={1--25},
  year={2023},
  publisher={ACM New York, NY, USA}
}
@article{zreikat2020performance,
  title={Performance evaluation of 5G/WiFi-6 coexistence},
  author={Zreikat, Aymen},
  journal={International Journal of Circuits, Systems, and Signal Processing, NAUN},
  pages={904--913},
  year={2020}
}
@article{ding2015performance,
  title={Performance impact of LoS and NLoS transmissions in dense cellular networks},
  author={Ding, Ming and Wang, Peng and L{\'o}pez-P{\'e}rez, David and Mao, Guoqiang and Lin, Zihuai},
  journal={IEEE Transactions on Wireless Communications},
  volume={15},
  number={3},
  pages={2365--2380},
  year={2015},
  publisher={IEEE}
}
@inproceedings{sarkar2013effect,
  title={The effect of people movement on Wi-Fi link throughput in indoor propagation environments},
  author={Sarkar, Nurul I and Mussa, Osman},
  booktitle={IEEE 2013 Tencon-Spring},
  pages={562--566},
  year={2013},
  organization={IEEE}
}
@article{pei2013connectivity,
  title={Connectivity and bandwidth-aware real-time exploration in mobile robot networks},
  author={Pei, Yuanteng and Mutka, Matt W and Xi, Ning},
  journal={Wireless Communications and Mobile Computing},
  volume={13},
  number={9},
  pages={847--863},
  year={2013},
  publisher={Wiley Online Library}
}
@article{masiukiewicz2019throughput,
  title={Throughput comparison between the new HEW 802.11 ax standard and 802.11 n/ac standards in selected distance windows},
  author={Masiukiewicz, Antoni},
  journal={International Journal of Electronics and Telecommunications},
  volume={65},
  number={1},
  pages={79--84},
  year={2019},
  publisher={Polska Akademia Nauk. Czasopisma i Monografie PAN}
}
@ARTICLE{9350173,
  author={Plancher, Brian and Neuman, Sabrina M. and Bourgeat, Thomas and Kuindersma, Scott and Devadas, Srinivas and Reddi, Vijay Janapa},
  journal={IEEE Robotics and Automation Letters}, 
  title={Accelerating Robot Dynamics Gradients on a CPU, GPU, and FPGA}, 
  year={2021},
  volume={6},
  number={2},
  pages={2335-2342},
  keywords={Heuristic algorithms;Parallel processing;Graphics processing units;Field programmable gate arrays;Robots;Acceleration;Hardware;Computer architecture for robotics and automation;hardware-software integration in robotics;dynamics},
  doi={10.1109/LRA.2021.3057845}}
@article{ohkawa2018fpga,
  title={FPGA components for integrating FPGAs into robot systems},
  author={Ohkawa, Takeshi and Yamashina, Kazushi and Kimura, Hitomi and Ootsu, Kanemitsu and Yokota, Takashi},
  journal={IEICE TRANSACTIONS on Information and Systems},
  volume={101},
  number={2},
  pages={363--375},
  year={2018},
  publisher={The Institute of Electronics, Information and Communication Engineers}
}
@inproceedings{honkote20192,
  title={2.4 a distributed autonomous and collaborative multi-robot system featuring a low-power robot soc in 22nm cmos for integrated battery-powered minibots},
  author={Honkote, Vinayak and Kurian, Dileep and Muthukumar, Sriram and Ghosh, Dibyendu and Yada, Satish and Jain, Kartik and Jackson, Bradley and Klotchkov, Ilya and Nimmagadda, Mallikarjuna Rao and Dattawadkar, Shreela and others},
  booktitle={2019 IEEE International Solid-State Circuits Conference-(ISSCC)},
  pages={48--50},
  year={2019},
  organization={IEEE}
}
@inproceedings{li2023voxformer,
  title={Voxformer: Sparse voxel transformer for camera-based 3d semantic scene completion},
  author={Li, Yiming and Yu, Zhiding and Choy, Christopher and Xiao, Chaowei and Alvarez, Jose M and Fidler, Sanja and Feng, Chen and Anandkumar, Anima},
  booktitle={Proceedings of the IEEE/CVF Conference on Computer Vision and Pattern Recognition},
  pages={9087--9098},
  year={2023}
}
@inproceedings{kapao,
  title={Rethinking keypoint representations: Modeling keypoints and poses as objects for multi-person human pose estimation},
  author={McNally, William and Vats, Kanav and Wong, Alexander and McPhee, John},
  booktitle={European Conference on Computer Vision},
  pages={37--54},
  year={2022},
  organization={Springer}
}
@misc{jetsonnx,
  author = {NVIDIA},
  title = {The World's Smallest AI Supercomputer},
  year = {2024},
  howpublished = {\url{https://www.nvidia.com/en-us/autonomous-machines/embedded-systems/jetson-xavier-series/}},
}
@InProceedings{Liu_2022_CVPR,
    author    = {Liu, Shuai and Li, Xin and Lu, Huchuan and He, You},
    title     = {Multi-Object Tracking Meets Moving UAV},
    booktitle = {Proceedings of the IEEE/CVF Conference on Computer Vision and Pattern Recognition (CVPR)},
    month     = {June},
    year      = {2022},
    pages     = {8876-8885}
}
@InProceedings{Joseph_2021_CVPR,
    author    = {Joseph, K J and Khan, Salman and Khan, Fahad Shahbaz and Balasubramanian, Vineeth N},
    title     = {Towards Open World Object Detection},
    booktitle = {Proceedings of the IEEE/CVF Conference on Computer Vision and Pattern Recognition (CVPR)},
    month     = {June},
    year      = {2021},
    pages     = {5830-5840}
}
@ARTICLE{9205217,
  author={Wang, Binyu and Liu, Zhe and Li, Qingbiao and Prorok, Amanda},
  journal={IEEE Robotics and Automation Letters}, 
  title={Mobile Robot Path Planning in Dynamic Environments Through Globally Guided Reinforcement Learning}, 
  year={2020},
  volume={5},
  number={4},
  pages={6932-6939},
  keywords={Mobile robots;Path planning;Reinforcement learning;Learning (artificial intelligence);Scalability;Hierarchical path planning;mobile robots;reinforcement learning;scalability},
  doi={10.1109/LRA.2020.3026638}}
@article{yang2020multi,
  title={Multi-robot path planning based on a deep reinforcement learning DQN algorithm},
  author={Yang, Yang and Juntao, Li and Lingling, Peng},
  journal={CAAI Transactions on Intelligence Technology},
  volume={5},
  number={3},
  pages={177--183},
  year={2020},
  publisher={Wiley Online Library}
}
@inproceedings{li2020graph,
  title={Graph neural networks for decentralized multi-robot path planning},
  author={Li, Qingbiao and Gama, Fernando and Ribeiro, Alejandro and Prorok, Amanda},
  booktitle={2020 IEEE/RSJ International Conference on Intelligent Robots and Systems (IROS)},
  pages={11785--11792},
  year={2020},
  organization={IEEE}
}
@inproceedings{xia2023scpnet,
  title={SCPNet: Semantic Scene Completion on Point Cloud},
  author={Xia, Zhaoyang and Liu, Youquan and Li, Xin and Zhu, Xinge and Ma, Yuexin and Li, Yikang and Hou, Yuenan and Qiao, Yu},
  booktitle={Proceedings of the IEEE/CVF Conference on Computer Vision and Pattern Recognition},
  pages={17642--17651},
  year={2023}
}
@inproceedings{cao2022monoscene,
  title={Monoscene: Monocular 3d semantic scene completion},
  author={Cao, Anh-Quan and de Charette, Raoul},
  booktitle={Proceedings of the IEEE/CVF Conference on Computer Vision and Pattern Recognition},
  pages={3991--4001},
  year={2022}
}
@InProceedings{agrnav,
    author    = { Wang, Junming and Sun, Zekai and Guan, Xiuxian and Shen, Tianxiang and Zhang, Zongyuan and Duan, Tianyang and Huang, Dong and Zhao, Shixiong and Cui, Heming},
    title     = {AGRNav: Efficient and Energy-Saving Autonomous Navigation for Air-Ground Robots in Occlusion-Prone Environments},
    booktitle = {IEEE International Conference on
Robotics and Automation (ICRA)},
    year      = {2024},
}
@misc{sun2024hybridparallel,
      title={Hybrid-Parallel: Achieving High Performance and Energy Efficient Distributed Inference on Robots}, 
      author={Zekai Sun and Xiuxian Guan and Junming Wang and Haoze Song and Yuhao Qing and Tianxiang Shen and Dong Huang and Fangming Liu and Heming Cui},
      year={2024},
      eprint={2405.19257},
      archivePrefix={arXiv},
      primaryClass={id='cs.RO' full_name='Robotics' is_active=True alt_name=None in_archive='cs' is_general=False description='Roughly includes material in ACM Subject Class I.2.9.'}
}
@inproceedings{Choi_VSWS_2009,
author = {Wongun Choi and Khuram Shahid and Silvio Savarese},
title = { What are they doing? : Collective Activity Classification Using Spatio-Temporal Relationship Among People},
booktitle = {Proc. of 9th International Workshop on Visual Surveillance (VSWS09) in conjuction with ICCV},
year = {2009}
}
@inproceedings{Perazzi2016,
  author = {F. Perazzi and J. Pont-Tuset and B. McWilliams and L. {Van Gool} and M. Gross and A. Sorkine-Hornung},
  title = {A Benchmark Dataset and Evaluation Methodology for Video Object Segmentation},
  booktitle = {Computer Vision and Pattern Recognition},
  year = {2016}
}
@article{taichi,
author = {Hu, Yuanming and Li, Tzu-Mao and Anderson, Luke and Ragan-Kelley, Jonathan and Durand, Fr\'{e}do},
title = {Taichi: a language for high-performance computation on spatially sparse data structures},
year = {2019},
issue_date = {December 2019},
publisher = {Association for Computing Machinery},
address = {New York, NY, USA},
volume = {38},
number = {6},
issn = {0730-0301},
url = {https://doi.org/10.1145/3355089.3356506},
doi = {10.1145/3355089.3356506},
journal = {ACM Trans. Graph.},
month = {nov},
articleno = {201},
numpages = {16},
keywords = {sparse data structures, GPU computing}
}
@article{paszke2017automatic,
  title={Automatic differentiation in PyTorch},
  author={Paszke, Adam and Gross, Sam and Chintala, Soumith and Chanan, Gregory and Yang, Edward and DeVito, Zachary and Lin, Zeming and Desmaison, Alban and Antiga, Luca and Lerer, Adam},
  year={2017}
}
@misc{torch_distributed,
	title = {Distributed communication package - torch.distributed — {PyTorch} 2.3 documentation},
	url = {https://pytorch.org/docs/stable/distributed.html},
	urldate = {2024-06-23},
  author = {PyTorch},
  year = {2024},
  howpublished = {\url{https://pytorch.org/docs/stable/distributed.html/}},
}
@online{noauthor_can_2022,
	title = {Can {Jetson} {Orin} support nccl? - {Jetson} \& {Embedded} {Systems} / {Jetson} {Orin} {NX}},
	shorttitle = {Can {Jetson} {Orin} support nccl?},
	url = {https://forums.developer.nvidia.com/t/can-jetson-orin-support-nccl/232845},
	abstract = {Can Jetson Orin support NCCL for communication among processes on the same chip or among pcie connected different chips?  Also, what is the best way to do inter-chip data communication for Jetson Orin platform? NVSci? Or NCCL? What is the. difference between these two approaches?},
	language = {zh-CN},
	urldate = {2024-06-23},
	journal = {NVIDIA Developer Forums},
	month = nov,
	year = {2022},
	note = {Section: Autonomous Machines},
  author = {NVIDIA},
  howpublished = {\url{https://forums.developer.nvidia.com/t/can-jetson-orin-support-nccl/232845}},
}
@misc{noauthor_using_2013,
	title = {Using {Shared} {Memory} in {CUDA} {C}/{C}++},
	url = {https://developer.nvidia.com/blog/using-shared-memory-cuda-cc/},
	abstract = {In the previous post, I looked at how global memory accesses by a group of threads can be coalesced into a single transaction, and how alignment and stride affect coalescing for various generations of…},
	language = {en-US},
	urldate = {2024-06-23},
	journal = {NVIDIA Technical Blog},
	month = jan,
	year = {2013},
  author = {NVIDIA},
  howpublished = {\url{https://developer.nvidia.com/blog/using-shared-memory-cuda-cc/}},
}


